@inproceedings{aoki2007voice,
  title={Voice activity detection by lip shape tracking using ebgm},
  author={Aoki, Masaki and Masuda, Ken and Matsuda, Hiroyoshi and Takiguchi, Tetsuya and Ariki, Yasuo},
  booktitle={Proceedings of the 15th ACM international conference on Multimedia},
  pages={561--564},
  year={2007},
  organization={ACM}
}

@article{vieriu2014real,
  title={Real-Time Voice Activity Detection Using a Simple Webcam},
  author={Vieriu, L},
  journal={Proceedings of WCSIT},
  year={2014}
}

@article{joosten2015voice,
  title={Voice activity detection based on facial movement},
  author={Joosten, Bart and Postma, Eric and Krahmer, Emiel},
  journal={Journal on Multimodal User Interfaces},
  volume={9},
  number={3},
  pages={183--193},
  year={2015},
  publisher={Springer}
}

@article{soegaard2012encyclopedia,
  title={The encyclopedia of human-computer interaction},
  author={Soegaard, Mads and Dam, Rikke Friis},
  journal={The Encyclopedia of Human-Computer Interaction},
  year={2012},
  publisher={The Interaction Design Foundation}
}

@misc{HCI,
    author       = "Lenka Němečková",
    title        = "Rozvoj problematiky HCI (Human-Computer Interaction) na ÚISK FF UK",
    year         = "2010",
    howpublished = "Dostupné na internete: \url{http://clovek.ff.cuni.cz/pdf/nemeckova_zprava_18.pdf}",
    note         =  "[cit. 21. 1. 2019]"
}

@misc{GoogleHome,
    author       = "Google",
    title        = "Google Home",
    howpublished = "Dostupné na internete: \url{https://store.google.com/us/product/google_home?hl=en-US}",
    note         =  "[cit. 21. 1. 2019]"
}

@misc{Microrobotics,
    author       = "Zoltán Tomori",
    title        = "Microrobotics",
    howpublished = "Dostupné na internete: \url{http://home.saske.sk/~tomori/tweezers.htm}",
    note         =  "[cit. 21. 1. 2019]"
}

@misc{calcFlow,
    author       = "Noname",
    title        = "CalcFlow",
    howpublished = "Dostupné na internete: \url{http://calcflow.io/}",
    note         =  "[cit. 21. 1. 2019]"
}

@misc{realsensedis,
    author       = "Intel",
    title        = "Intel® RealSense SDK for Windows* (Discontinued)",
    howpublished = "Dostupné na internete: \url{https://software.intel.com/en-us/realsense-sdk-windows-eol}",
    note         =  "[cit. 21. 1. 2019]"
}

@misc{realsensenew,
    author       = "Intel",
    title        = "Intel® RealSense™ SDK 2.0",
    howpublished = "Dostupné na internete: \url{https://realsense.intel.com/sdk-2/}",
    note         =  "[cit. 21. 1. 2019]"
}

@misc{dlib,
    author       = "Davis King",
    title        = "Dlib",
    howpublished = "Dostupné na internete: \url{http://dlib.net/}",
    note         =  "[cit. 21. 1. 2019]"
}

@misc{dlibUkazka,
    author       = "Satya Mallick",
    title        = "Facial Landmark Detection",
    howpublished = "Dostupné na internete: \url{https://www.learnopencv.com/facial-landmark-detection/}",
    note         =  "[cit. 21. 1. 2019]"
}

@misc{openCv,
    author       = "openCv",
    title        = "openCv",
    howpublished = "Dostupné na internete: \url{https://docs.opencv.org/4.0.1/d2/d42/tutorial_face_landmark_detection_in_an_image.html}",
    note         =  "[cit. 21. 1. 2019]"
}

@misc{SFML,
    author       = "SFML",
    title        = "SFML - Simple and Fast Multimedia Library",
    howpublished = "Dostupné na internete: \url{https://www.sfml-dev.org/}",
    note         =  "[cit. 21. 1. 2019]"
}

@article{ranjan2017hyperface,
  title={Hyperface: A deep multi-task learning framework for face detection, landmark localization, pose estimation, and gender recognition},
  author={Ranjan, Rajeev and Patel, Vishal M and Chellappa, Rama},
  journal={IEEE Transactions on Pattern Analysis and Machine Intelligence},
  year={2017},
  publisher={IEEE}
}

@inproceedings{moattar2009simple,
  title={A simple but efficient real-time voice activity detection algorithm},
  author={Moattar, Mohammad H and Homayounpour, Mohammad M},
  booktitle={Signal Processing Conference, 2009 17th European},
  pages={2549--2553},
  year={2009},
  organization={IEEE}
}

@inproceedings{kazemi2014one,
  title={One millisecond face alignment with an ensemble of regression trees},
  author={Kazemi, Vahid and Sullivan, Josephine},
  booktitle={Proceedings of the IEEE Conference on Computer Vision and Pattern Recognition},
  pages={1867--1874},
  year={2014}
}

@misc{OpenCVvsDlib,
    author       = "VIKAS GUPTA",
    title        = "Face Detection – OpenCV, Dlib and Deep Learning ( C++ / Python )",
    howpublished = "Dostupné na internete: \url{https://www.learnopencv.com/face-detection-opencv-dlib-and-deep-learning-c-python/}",
    note         =  "[cit. 21. 1. 2019]"
}